@article{shapiro,
  title={"{Decomposing Supply and Demand Driven Inflation"}},
  author={Adam Hale Shapiro},
  journal={Federal {Reserve Bank of San Francisco, Working Paper Series}},
  volume={18},
  year={2022}
}

@article{jump,
  title={"{A History of aggregate demand and supply shocks
for the United Kingdom, 1900 to 2016"}},
  author={Jump, R. C., and K. Kohler},
  journal={ Explorations in Economic History},
  year={2022}
}

@article{sheremirov,
  title={"{Are the Demand and Supply Channels of Inflation Persistent? Evidence from a Novel Decomposition of PCE Inflation"}},
  author={Viacheslav Sheremirov},
  journal={Current Policy Perspectives, Federal Reserve Bank of Boston},
  volume={94983},
  year={2022}
}

@article{ecb,
  title={"{The role of demand and supply in underlying inflation – decomposing HICPX inflation into components"}}, author={Eduardo Gon\çalves and Gerrit Koester},
  journal={ECB Economic Bulletin},
  volume={7},
  year={2022}
}